@article{Creese:1988,
    author = {Robert G. Creese},
    year = {1998},
    title = {Ecology of molluscan grazers and their interactions with marine algae in north‚Äêeastern {N}ew {Z}ealand: A review},
    journaltitle = {New Zealand Journal of Marine and Freshwater Research},
    volume = {22},
    number = {3},
    pages = {427--444},
    doi = {10.1080/00288330.1988.9516314}
}

TODO
inbook{Morton:2004,
    author = {John Morton},
    year = {2004},
    title = {Seashore Ecology of New Zealand and the Pacific},
    
    editor = {Bruce Hayward},
}

